<?xml version="1.0" encoding="UTF-8"?><collection xmlns="http://www.loc.gov/MARC21/slim"><record><leader>00312nam--2200121-i-4500</leader><controlfield tag="001">000005827</controlfield><controlfield tag="002">20161230</controlfield><controlfield tag="005">20161230201026</controlfield><controlfield tag="008">060222s1000------------r-----000-0-eng-d</controlfield><datafield ind1=" " ind2=" " tag="100"><subfield code="a">Boiarcenkov, M.A., Sineanski, A.V</subfield></datafield><datafield ind1=" " ind2=" " tag="245"><subfield code="a">Amplificatoare magnetice</subfield></datafield><datafield ind1=" " ind2=" " tag="260"><subfield code="a">Bucuresti, Ed. Tehnica, 1962. 56 P</subfield></datafield><datafield ind1=" " ind2=" " tag="852"><subfield code="a">8073</subfield></datafield></record></collection>